@article{paszke2019pytorch,
    title = {Pytorch: An imperative style, high-performance deep learning library},
    author = {Paszke, Adam and Gross, Sam and Massa, Francisco and Lerer, Adam and Bradbury, James and Chanan, Gregory and Killeen, Trevor and Lin, Zeming and Gimelshein, Natalia and Antiga, Luca and others},
    journal = {arXiv preprint arXiv:1912.01703},
    year = {2019}
}

@misc{gan,
    doi = {10.48550/ARXIV.1406.2661},
    url = {https://arxiv.org/abs/1406.2661},
    author = {Goodfellow, Ian J. and Pouget-Abadie, Jean and Mirza, Mehdi and Xu, Bing and Warde-Farley, David and Ozair, Sherjil and Courville, Aaron and Bengio, Yoshua},
    keywords = {Machine Learning (stat.ML), Machine Learning (cs.LG), FOS: Computer and information sciences, FOS: Computer and information sciences},
    title  = {Generative Adversarial Networks},
    publisher  = {arXiv},
    year = {2014},
    copyright = {arXiv.org perpetual, non-exclusive license}
}

@article{glyphGan,
    author = {Hideaki Hayashi and Kohtaro Abe and Seiichi Uchida},
    title = {GlyphGAN: Style-Consistent Font Generation Based on Generative Adversarial Networks},
    journal = {CoRR},
    volume = {abs/1905.12502},
    year = {2019},
    url = {http://arxiv.org/abs/1905.12502},
    eprinttype = {arXiv},
    eprint = {1905.12502},
    timestamp = {Mon, 03 Jun 2019 13:42:33 +0200},
    biburl = {https://dblp.org/rec/journals/corr/abs-1905-12502.bib},
    bibsource = {dblp computer science bibliography, https://dblp.org}
}

@article{metaCreativity,
    author = {Runco, Mark},
    year = {2015},
    month = {07},
    pages = {295-298},
    title = {Meta-Creativity: Being Creative About Creativity},
    volume = {27},
    journal = {Creativity Research Journal},
    doi = {10.1080/10400419.2015.1065134}
}

@online{deepFonts,
    title = {deep-fonts},
    author = {E. Bernhardsson},
    year = {2021},
    url = {https://github.com/erikbern/deep-fonts}
}

@online{figmaUIDesignTool,
  title = {Figma UI Design Tool},
  author = {Figma},
  year = {2016},
  url = {https://www.figma.com/}
}

@online{fontGenerationGan,
    title = {font-generation-gan},
    author = {T. Peifer},
    year = {2023},
    url = {https://github.com/theopfr/font-generation-gan}
}

@misc{glyphGanImage,
    title = {GlyphGAN architecture},
    author = {Hideaki Hayashi and Kohtaro Abe and Seiichi Uchida},
    year = {2019},
    url = {https://images.deepai.org/converted-papers/1905.12502/x2.png}
}

